@book{horinouchi2015,
  author    = {堀之内 總一 and 酒井 幸吉 and 榎園 茂},
  title     = {Cによる数値計算法入門},
  year      = {2015},
  edition   = {2},
  publisher = {森北出版},
  isbn      = {9784627093836}
}
@book{kaneya2010,
  author    = {金谷 健一},
  title     = {数値で学ぶ計算と解析},
  year      = {2010},
  publisher = {共立出版},
  isbn      = {9784320019423}
}
@book{kikuchi2016,
  author    = {菊地 文雄},
  title     = {数値解析の原理: 現象の解明をめざして},
  year      = {2016},
  series    = {岩波数学叢書},
  publisher = {岩波書店},
  isbn      = {9784000298230}
}
@book{takahashi2018,
  author    = {高橋 大輔},
  title     = {数値計算},
  year      = {2018},
  series    = {理工系の基礎数学},
  publisher = {岩波書店},
  isbn      = {4000079786}
}